%%%%%%%% Application Section
@inproceedings{mnih2016asynchronous,
	title={Asynchronous methods for deep reinforcement learning},
	author={Mnih, Volodymyr and Badia, Adria Puigdomenech and others},
	booktitle={ICML},
	year={2016}
}

@inproceedings{jiang2017interactive,
  title={Interactive Machine Learning via a GPU-accelerated Toolkit},
  author={Jiang, Biye and Canny, John},
  booktitle={ACM IUI},
  year={2017}
}

@article{bergstra2012random,
  title={Random search for hyper-parameter optimization},
  author={Bergstra, James and Bengio, Yoshua},
  journal={JMLR},
  year={2012}
}

@article{srivastava2014dropout,
  title={Dropout: a simple way to prevent neural networks from overfitting.},
  author={Srivastava, Nitish and Hinton, Geoffrey E and Krizhevsky, Alex and others},
  journal={JMLR},
  year={2014}
}

@techreport{collobert2002torch,
  title={Torch: a modular machine learning software library},
  author={Collobert, Ronan and Bengio, Samy and others},
  year={2002}
}

@misc{lasagne,
  author       = {Sander Dieleman and
                  Jan Schlüter and
                  others},
  title        = {Lasagne},
  year         = {2015},
  howpublished = {\url{https://github.com/Lasagne/Lasagne}}
}

@misc{sonnet,
  author       = {Deepmind},
  title        = {Sonnet},
  year         = {2017},
  howpublished = {\url{https://github.com/deepmind/sonnet}}
}


@misc{benchmark,
  author       = {TensorFlow},
  title        = {TensorFlow Tutorials},
  year         = {2017},
  howpublished = {\url{https://www.tensorflow.org/tutorials/}}
}

@techreport{krizhevsky2010convolutional,
  title={Convolutional deep belief networks on cifar-10},
  author={Krizhevsky, Alex},
  year={2010}
}

@article{ioffe2015batch,
  title={Batch normalization: Accelerating deep network training by reducing internal covariate shift},
  author={Ioffe, Sergey and Szegedy, Christian},
  journal={arXiv},
  year={2015}
}

@techreport{bergstra2010theano,
  title={Theano: A CPU and GPU math compiler in Python},
  author={Bergstra, James and Breuleux, Olivier and others},
  year={2010}
}

@article{showandtell2015,
	author = {Oriol, Vinyals and Alexander, Toshev and others},
	title = {{Show and Tell: A Neural Image Caption Generator}},
	journal={CVPR},
	year={2015}
}


@article{amershi2014power,
  title={Power to the people: The role of humans in interactive machine learning},
  author={Amershi, Saleema and Cakmak, Maya and Knox, William Bradley and Kulesza, Todd},
  journal={AI Magazine},
  year={2014}
}

@article{gal2017deep,
  title={Deep Bayesian Active Learning with Image Data},
  author={Gal, Yarin and Islam, Riashat and Ghahramani, Zoubin},
  journal={arXiv},
  year={2017}
}

@article{andreas2016learning,
  title={Neural module networks},
  author={Andreas, Jacob and Rohrbach, Marcus and Darrell, Trevor and Klein, Dan},
  journal={CVPR},
  year={2016}
}

@article{mnih2013playing,
	title={Playing atari with deep reinforcement learning},
	author={Mnih, Volodymyr and Kavukcuoglu, Koray and others},
	journal={arXiv},
	year={2013}
}

@inproceedings{radford2015dcgan,
	title={{Unsupervised Representation Learning with Deep Convolutional Generative Adversarial Networks}},
	author={Radford, Alec and Metz, Luke and Chintala, Soumith},
	booktitle={ICLR},
	year={2016}
}

@inproceedings{reed2016generative,
	title={{Generative Adversarial Text to Image Synthesis}},
	author={Reed, Scott and Akata, Zeynep and Yan, Xinchen and others},
	booktitle={ICML},
	year={2016}
}

@inproceedings{Ledig2016srgan,
	author = {Ledig, Christian and Theis, Lucas and Huszar, Ferenc and Caballero, Jose and Aitken, Andrew and Tejani, Alykhan and Totz, Johannes and Wang, Zehan and Shi, Wenzhe},
	title = {{Photo-realistic single image super-resolution using a generative adversarial network}},
	year = {2017},
	booktitle = {CVPR},
}

%%%%%%%% Paper use TL
@article{i2t2i2017,
	title={I2T2I: Learning Text to Image Synthesis with Textual Data Augmentation},
	author={Hao, Dong and Jingqing, Zhang and others},
	journal={ICIP},
	year={2017}
}

@article{unsupim2im2017,
	title={Unsupervised Image-to-Image Translation with Generative Adversarial Networks},
	author={Hao, Dong and Paarth, Neekhara and others},
	journal={arXiv},
	year={2017}
}

@article{braintumor2017,
	title={Automatic Brain Tumor Detection and Segmentation Using U-Net Based Fully Convolutional Networks},
	author={Hao, Dong and Guang, Yang and Fangde, Liu and others},
	journal={MIUA},
	year={2017}
}

@article{poincare2017,
	title={Deep Poincare Map For Robust Medical Image Segmentation},
	author={Yuanhan, Mo and Fangde, Liu and others},
	journal={arXiv},
	year={2017}
}

@article{deepsleepnet2017,
	title={DeepSleepNet: a Model for Automatic Sleep Stage Scoring based on Raw Single-Channel EEG},
	author={Akara, Supratak and Hao, Dong and Chao, Wu and Yike, Guo},
	journal={arXiv},
	year={2017}
}

%%%%%%%%
@inproceedings{krizhevsky2012imagenet,
  title={Imagenet classification with deep convolutional neural networks},
  author={Krizhevsky, Alex and others},
  booktitle={NIPS},
  year={2012}
}

@inproceedings{mikolov2010recurrent,
  title={Recurrent neural network based language model.},
  author={Mikolov, Tomas and Karafi{\'a}t, Martin and others},
  booktitle={Interspeech},
  year={2010}
}

@article{mnih2015human,
  title={Human-level control through deep reinforcement learning},
  author={Mnih, Volodymyr and Kavukcuoglu, Koray and others},
  journal={Nature},
  year={2015}
}

@inproceedings{abadi2016tensorflow,
  title={TensorFlow: A system for large-scale machine learning},
  author={Abadi, Martin and Barham, Paul and Chen, Jianmin and others},
  booktitle={Usenix OSDI},
  year={2016}
}

@inproceedings{seide2016cntk,
  title={CNTK: Microsoft's Open-Source Deep-Learning Toolkit},
  author={Seide, Frank and Agarwal, Amit},
  booktitle={SIGKDD},
  year={2016}
}

@article{chen2015mxnet,
  title={Mxnet: A flexible and efficient machine learning library for heterogeneous distributed systems},
  author={Chen, Tianqi and Li, Mu and Li, Yutian and Lin, Min and others},
  journal={NIPS Workshop},
  year={2015}
}

@inproceedings{jia2014caffe,
  title={Caffe: Convolutional architecture for fast feature embedding},
  author={Jia, Yangqing and Shelhamer, Evan and Donahue, Jeff and others},
  booktitle={ACM Multimedia},
  year={2014}
}

@misc{chollet2015,
author = {François Chollet},
title = {Keras},
year = {2015},
publisher = {GitHub},
journal = {GitHub repository},
howpublished = {\url{https://github.com/fchollet/keras}},
commit = {5bcac37}
}

@article{krogh1995neural,
  title={Neural network ensembles, cross validation, and active learning},
  author={Krogh, Anders and Vedelsby, Jesper and others},
  journal={NIPS},
  year={1995},
}

@article{myiccv2017,
	title={Semantic Image Synthesis via Adversarial Learning},
	author={Hao, Dong and Simiao, Yu and others},
	journal={ICCV},
	year={2017},
}


@misc{tflearn2016,
       author = {Aymeric Damien and others},
       title = {TFLearn},
       year = {2016} ,
       publisher={GitHub},
       howpublished={\url{https://github.com/tflearn/tflearn}},
}

@misc{dlranking2017,
       author={Github},
       title = {Machine Learning Repository Review Ranking},
       year = {2017},
       howpublished={\url{https://githubreviews.com/explore/machine-learning/deep-learning}},
}

@misc{pingpixel2016,
       author={Andrej Karpathy},
       title = {Deep Reinforcement Learning: Pong from Pixels},
       year = {2016},
       howpublished={\url{http://karpathy.github.io/2016/05/31/rl/}},
}

@inproceedings{miao2017modelhub,
  title={ModelHub: Deep Learning Lifecycle Management},
  author={Miao, Hui and Li, Ang and Davis, Larry S and Deshpande, Amol},
  booktitle={ICDE},
  year={2017}
}